% This file was created with JabRef 2.4.2.
% Encoding: UTF-8
% http://pl.wikibooks.org/wiki/LaTeX/Zarz%C4%85dzanie_bibliografi%C4%85

% book{HackersDelight:CRC32,
%   title = {Hacker's Delight},
%   author = {Henry S. Warren},
%   url = {http://www.hackersdelight.org/crc.pdf},
%   chapter = {14}
% }

% book{AppliedCryptography:SHA,
%   title = {Kryptografia dla praktyków. Protokoły, algorytmy i programy źródłowe w języku C. Tytuł oryginalny: Applied Cryptography. Protocols, Algorithms, and Source Code in C},
%   author = {Bruce Schneier},
%   pages = {394--398},
%   publisher = {WNT},
%   year = {1995}
% }

% BOOK{WPFiMVVM,
%   title = {Budowanie aplikacji biznesowych za pomocą Windows Presentation Foudation i wzorca MVVM},
%  publisher = {APN Promise},
%   year = {2011},
%   author = {Raffaele Garofalo},
%   chapter = {1}
% }

@misc{Microsoft.NET,
  title = {{Microsoft .NET}},
  url = {http://www.microsoft.com/net/}
}

@misc{Microsoft-Azure,
  title = {{Microsoft Azure}},
  url = {http://azure.microsoft.com/}
}

@misc{Microsoft-Unit-Test-Framework-for-Managed-Code,
  title = {{MSDN -- Microsoft Unit Test Framework for Managed Code}},
  url = {http://msdn.microsoft.com/en-us/library/hh598960.aspx}
}

@misc{MSDN:WhatIsWindowsCommunicationFoundation,
  title = {{MSDN -- What Is Windows Communication Foundation}},
  url = {http://msdn.microsoft.com/en-us/library/ms731082.aspx}
}

@misc{XML-Schema-Definition-Tool,
  title = {{MSDN -- XML Schema Definition Tool}},
  url = {http://msdn.microsoft.com/en-us/library/x6c1kb0s(v=vs.110).aspx}
}

@misc{CS-Script,
  title = {{Strona projektu CS-Script}},
  url = {http://www.csscript.net/}
}

@TechReport {Orleans-export:210931,
abstract     = {<p>High-scale interactive services demand high throughput with low latency and
                high availability, difficult goals to meet with the traditional stateless 3-tier
                architecture. The actor model makes it natural to build a stateful middle tier
                and achieve the required performance. However, the popular actor model platforms
                still pass many distributed systems problems to the developers.

                The Orleans programming model introduces the novel abstraction of virtual actors
                that solves a number of the complex distributed systems problems, such as
                reliability and distributed resource management, liberating the developers from
                dealing with those concerns. At the same time, the Orleans runtime enables
                applications to attain high performance, reliability and scalability.

                This paper presents the design principles behind Orleans and demonstrates how
                Orleans achieves a simple programming model that meets these goals. We describe
                how Orleans simplified the development of several scalable production
                applications on Windows Azure, and report on the performance of those production
                systems.</p>},
author       = {Philip A. Bernstein and Sergey Bykov and Alan Geller and Gabriel Kliot and Jorgen
                Thelin},
month        = mar,
number       = {MSR-TR-2014-41},
title        = {Orleans: Distributed Virtual Actors for Programmability and Scalability},
url          = {http://research.microsoft.com/apps/pubs/default.aspx?id=210931},
year         = {2014},
}

@article{Erlang-Armstrong:2010:ERL:1810891.1810910,
 author = {Armstrong, Joe},
 title = {Erlang},
 journal = {Communications of the ACM},
 issue_date = {September 2010},
 volume = {53},
 number = {9},
 month = sep,
 year = {2010},
 issn = {0001-0782},
 pages = {68--75},
 numpages = {8},
 url = {http://doi.acm.org/10.1145/1810891.1810910},
 doi = {10.1145/1810891.1810910},
 acmid = {1810910},
 publisher = {ACM},
 address = {New York, NY, USA},
} 

@conference{DryadLINQ-MSR,
 author = {Yuan Yu and Michael Isard and Dennis Fetterly and Mihai Budiu and Ulfar Erlingsson and Pradeep Kumar Gunda and Jon Currey},
 title = {{DryadLINQ: A System for General-Purpose Distributed Data-Parallel Computing Using a High-Level Language}},
 url = {http://research.microsoft.com/projects/dryadlinq/},
 month = dec,
 year = {2008},
 address = {San Diego, CA, USA},
 series = {Symposium on Operating System Design and Implementation (OSDI)}
}

@conference{Amazon-Dynamo,
  author = {Giuseppe DeCandia and Deniz Hastorun and Madan Jampani and Gunavardhan Kakulapati and Avinash Lakshman and Alex Pilchin and Swaminathan Sivasubramanian and Peter Vosshall and Werner Vogels},
  title = {{Dynamo: Amazon’s Highly Available Key-value Store}},
  series = {ACM Symposium on Operating Systems Principles},
  month = oct,
  year = {2007},
  url = {http://www.allthingsdistributed.com/files/amazon-dynamo-sosp2007.pdf}
}

@conference{Google-MapReduce,
  author = {Jeffrey Dean and Sanjay Ghemawat},
  title = {{MapReduce: Simplified Data Processing on Large Clusters}},
  month = dec,
  year = {2004},
  series = {Sixth Symposium on Operating System Design and Implementation (OSDI)},
  address = {San Francisco, CA, USA},
  url = {http://research.google.com/archive/mapreduce.html}
}

@article{Spark-Berkeley,
  author = {Matei Zaharia and Mosharaf Chowdhury and Michael J. Franklin and Scott Shenker and Ion Stoica},
  title = {{Spark: Cluster Computing with Working Sets}},
  url = {http://spark.apache.org/research.html}
}

@artilce{Spark-Berkeley-Performance,
  author = {Reynold S. Xin and Josh Rosen, Matei Zaharia and Michael J. Franklin and Scott Shenker and Ion Stoica},
  title = {{Shark: SQL and Rich Analytics at Scale}},
  url = {https://amplab.cs.berkeley.edu/wp-content/uploads/2013/02/shark_sigmod2013.pdf}
}

@book{Using-MPI-Portable-Parallel-Programming-with-the-Message-Passing-Interface,
  author = {William Gropp and Ewing Lusk and Anthony Skjellum},
  title = {{Using MPI: Portable Parallel Programming with the Message-Passing Interface}},
  publisher = {MIT Press},
  year = {1999},
  address = {Cambridge, MA, USA}
}

@misc{HDFS-Architecture-Guide,
  author = {Dhruba Borthakur},
  title = {{HDFS Architecture Guide}},
  url = {http://hadoop.apache.org/docs/r1.1.2/hdfs_design.html}
}

@misc{Moq,
  title = {{Strona projektu Moq}},
  url = {http://code.google.com/p/moq/}
}

@misc{Shouldly,
  title = {{Strona projektu Shouldly}},
  url = {http://shouldly.github.io/}
}

@misc{MSOpenTech-Redis-Release-Notes,
  title = {{Redis 2.8.4 Release Notes}},
  author = {{Microsoft Open Technologies, Inc.}}
}

@book{Windows-PowerShell-Cookbook,
  title = {{Windows PowerShell Cookbook}},
  author = {Lee Holmes},
  publisher = {O'Reilly Media},
  year = {2013}
}

@misc{Microsoft-Research-Dryad,
  title = {{Microsoft Research -- Dryad}},
  url = {http://research.microsoft.com/en-us/projects/dryad/}
}

@article{SCOPE,
 author = {Ronnie Chaiken and Bob Jenkins and Per-Åke Larson and Bill Ramsey and Darren Shakib and Simon Weaver and Jingren Zhou},
 title = {{SCOPE: Easy and Efficient Parallel Processing of Massive Data Sets}},
 url = {http://research.microsoft.com/en-us/um/people/jrzhou/pub/Scope.pdf}
} 

@misc{OpenXES,
  title = {{Strona projektu OpenXES}},
  url = {http://www.xes-standard.org/openxes/}
}

@article{Mills-NTP-IEEE-Trans,
  title = {{Internet time synchronization: the Network Time Protocol}},
  author = {David L. Mills},
  url = {http://www.eecis.udel.edu/~mills/database/papers/trans.pdf},
  journal = {IEEE Trans. Communications COM-39, 10},
  year = {1991},
  month = oct,
  pages = {1482-1493}
}

@inbook{Tannenbaum-SOP,
  title = {{Systemy operacyjne}},
  author = {Andrew S. Tannenbaum},
  year = {2010},
  publisher = {Helion},
  pages = {204-205}
}

@book{PVM,
  title = {{PVM: Parallel Virtual Machine A Users' Guide and Tutorial for Networked Parallel Computing}},
  author = {Al Geist and Adam Beguelin and Jack Dongarra and Weicheng Jiang and Robert Manchek and Vaidy Sunderam},
  year = {1994},
  publisher = {MIT Press},
  url = {http://www.netlib.org/pvm3/book/pvm-book.html}
}

@book{SQL,
  title = {{IBM® DB2® Universal Database SQL Reference}},
  author = {IBM},
  year = {2001},
  url = {ftp://ftp.software.ibm.com/ps/products/db2/info/vr7/pdf/letter/db2s0e71.pdf}
}

@misc{DryadLINQ-discarded,
  title = {{Announcing the Windows Azure HPC Scheduler and HPC Pack 2008 R2 Service Pack 3 releases}},
  author = {Don Pattee},
  url = {http://blogs.technet.com/b/windowshpc/archive/2011/11/11/hpc-pack-2008-r2-sp3-and-windows-azure-hpc-scheduler-released.aspx}
}

@misc{Rhino-DHT,
  title = {{Strona projektu Rhino DHT}},
  url = {https://github.com/ayende/rhino-dht/}
}

@misc{Rhino-PHT,
  title = {{Strona projektu Rhino PHT}},
  url = {https://github.com/ayende/rhino-pht/}
}

@misc{Rhino-Queues,
  title = {{Strona projektu Rhino Queues}},
  url = {https://github.com/hibernating-rhinos/rhino-queues/}
}

@misc{Memcached,
  title = {{Strona projektu Memcached}},
  url = {http://www.memcached.org/}
}

@misc{Riak,
  title = {{Strona projektu Riak}},
  url = {http://basho.com/riak/}
}

@misc{Polyphony-repo,
  title = {{Repozytorium kodu projektu Polyphony}},
  url = {https://github.com/dmohl/Polyphony/}
}

@misc{Polyphony-blog-1,
  author = {Daniel Mohl},
  title = {{.NET Remoting in F\#: A Start to a Distributed Hash Table (DHT)}},
  url = {http://bloggemdano.blogspot.com/2010/04/net-remoting-in-f-start-to-distributed.html}
}

@misc{Polyphony-blog-2,
  author = {Daniel Mohl},
  title = {{A Distributed Hash Table (DHT) in F\#: Moving from .NET Remoting to WCF}},
  url = {http://bloggemdano.blogspot.com/2010/04/distributed-hash-table-dht-in-f-moving.html}
}

@misc{Polyphony-blog-3,
  author = {Daniel Mohl},
  title = {{A Distributed Hash Table (DHT) in F\#: Using Higher Order Functions for the Service Operation Calls}},
  url = {http://bloggemdano.blogspot.com/2010/04/distributed-hash-table-dht-in-f-using.html}
}

@misc{Redis,
  title = {{Strona projektu Redis}},
  url = {http://redis.io/}
}
