@article{Armstrong:2010:ERL:1810891.1810910,
 author = {Armstrong, Joe},
 title = {Erlang},
 journal = {Commun. ACM},
 issue_date = {September 2010},
 volume = {53},
 number = {9},
 month = sep,
 year = {2010},
 issn = {0001-0782},
 pages = {68--75},
 numpages = {8},
 url = {http://doi.acm.org/10.1145/1810891.1810910},
 doi = {10.1145/1810891.1810910},
 acmid = {1810910},
 publisher = {ACM},
 address = {New York, NY, USA},
}